@Book{PP13,
    author = {{Perry, W. L. et all}},
    title = {Predictive policing : The Role of Crime Forecasting in Law Enforcement Operations},
    publisher = {RAND},
    year = {2013},
    address = {Santa Monica, CA},
    pages = {1--189},
    isbn = {978-0-8330-8148-3}
}

@misc{Saito2015rocprc,
   author={{Saito, T. and Rehmsmeier M.}},
   title={The Precision-Recall Plot Is More Informative than the ROC Plot When Evaluating Binary Classifiers on Imbalanced Datasets},
   publisher={PLoS ONE},
   month={March},
   year=2015,
   howpublished = {\url{https://www.ncbi.nlm.nih.gov/pmc/articles/PMC4349800}}
}

@Booklet{h2o_ML_booklet,
  title        = {Machine Learning with Python and H2O},
  author       = {{Aiello, S. and Click, C. and Roark, H. and Stetsenko, P. and Rehak, L.}}, 
  address      = {H2O.ai, Inc. 2307 Leghorn St. Mountain View, CA 94043},
  month        = {September},
  year         = 2016
}

@Booklet{h2o_DL_booklet,
    title = {Deep Learning with H2O},
    author = {{Arora, A. et all}},
    year = {2015},
    month = {August},
    url = {http://h2o.ai/resources},
}

@Booklet{h2o_GBM_booklet,
    title = {Gradient Boosted Models},
    author = {{Click, C. et all}},
    year = {2015},
    month = {August},
    url = {http://h2o.ai/resources},
}

@Manual{h2o_soft,
    title = {h2o: Python Interface for H2O},
    author = {{The H2O.ai team}},
    year = {2015},
    note = {Python package version 3.1.0.99999},
    url = {https://github.com/h2oai/h2o-3},
}

@misc{h2o_deepwater,
    author = {{The H2O.ai team}},
    title = {DeepWater},
    year = {2017},
    publisher = {GitHub},
    journal = {GitHub repository},
    howpublished = {\url{https://github.com/h2oai/deepwater}},
}

@misc{keras_doc,
    author = {François Chollet},
    title  = {Keras Documentation},
    year = {2017},
    url    = {\url{https://keras.io/}}
}

@misc{keras_soft,
    author = {François Chollet},
    title = {keras},
    year = {2017},
    publisher = {GitHub},
    journal = {GitHub repository},
    howpublished = {\url{https://github.com/fchollet/keras}},
}

@misc{h2o_drf_doc,
    author = {{The H2O.ai team}},
    title  = {H2O.ai Documentation -- random\_forest.py},
    year = {2017},
    howpublished    = {\url{https://github.com/h2oai/h2o-3/blob/master/h2o-py/h2o/estimators/random\_forest.py}}
}

@misc{h2o_gbm_doc,
    author = {{The H2O.ai team}},
    title  = {H2O.ai Documentation -- gbm.py},
    year = {2017},
    howpublished    = {\url{https://github.com/h2oai/h2o-3/blob/master/h2o-py/h2o/estimators/gbm.py}}
}

@misc{h2o_dl_doc,
    author = {{The H2O.ai team}},
    title  = {H2O.ai Documentation -- deeplearning.py},
    year = {2017},
    howpublished    = {\url{https://github.com/h2oai/h2o-3/blob/master/h2o-py/h2o/estimators/deeplearning.py}}
}

@misc{Michie94machinelearning,
    author = {{Michie, D. and Spiegelhalter, J. and Taylor, C. C.}},
    title = {Machine Learning, Neural and Statistical Classification},
    year = {1994},
    doi= {10.1.1.27.355},
    publisher = {CiteSeerX},
    howpublished = {\url{http://citeseerx.ist.psu.edu/viewdoc/summary?doi=10.1.1.27.355}}
}

@misc{Bradley1999datamining,
    author = {{Bradley, P.S. and Fayaad, M. Usama and Mangasarian, O. L.}},
    title = {Mathematical Programming for Data Mining: Formulations and Challenges},
    month = {August},
    year = {1999},
    publisher = {INFORMS Journal on Computing},
    doi = {10.1287/11.3.217},
    howpublished = {\url{http://dx.doi.org/10.1287/ijoc.11.3.217}}
}

@misc{Sheinder1997crossvalidation,
    author = {{Schneider, J.}},
    title = {A Locally Weighted Learning Tutorial using Vizier 1.0},
    month = {February},
    year = {1997},
    howpublished = {\url{https://www.cs.cmu.edu/~schneide/tut5/node42.html}}
}

@misc{Buja2005lossfunc,
    author = {{Buja, A. and Stuetzle, W. and Shen, Y.}},
    title = {Loss Functions for Binary Class Probability Estimation and Classification: Structure and Applications},
    month = {November},
    year = {2005},
    publisher = {CiteSeerX},
    doi = {10.1/1.184.5203},
    howpublished = {\url{http://citeseerx.ist.psu.edu/viewdoc/summary?doi=10.1.1.184.5203}}
}

@inproceedings{Davis2016rocprc,
    author = {{Davis, J. and Goadrich, M.}},
    title = {The Relationship Between Precision-Recall and ROC Curves},
    booktitle = {Proceedings of the 23rd International Conference on Machine Learning},
    series = {ICML '06},
    year = {2006},
    isbn = {1-59593-383-2},
    location = {Pittsburgh, Pennsylvania, USA},
    pages = {233--240},
    numpages = {8},
    url = {http://doi.acm.org/10.1145/1143844.1143874},
    doi = {10.1145/1143844.1143874},
    acmid = {1143874},
    publisher = {ACM},
    address = {New York, NY, USA},
} 

@misc{Johnson2017ann_intro,
    author = {{Johnson, J.}},
    title = {Stanford CS class CS231n: Convolutional Neural Networks for Visual Recognition -- Neural Networks Part 1: Setting up the Architecture},
    month = {November},
    year = {2017},
    publisher = {GitHub},
    howpublished = {\url{http://cs231n.github.io/neural-networks-1}}
}

@misc{Johnson2017ann_regularization,
    author = {{Johnson, J.}},
    title = {Stanford CS class CS231n: Convolutional Neural Networks for Visual Recognition -- Neural Networks Part 2: Setting up the Data and the Loss},
    month = {November},
    year = {2017},
    publisher = {GitHub},
    howpublished = {\url{http://cs231n.github.io/neural-networks-2}}
}

@misc{Johnson2017ann_learning,
    author = {{Johnson, J.}},
    title = {Stanford CS class CS231n: Convolutional Neural Networks for Visual Recognition -- Neural Networks Part 3: Learning and Evaluation},
    year = {2017},
    publisher = {GitHub},
    howpublished = {\url{http://cs231n.github.io/neural-networks-3}}
}

@misc{Johnson2017cnn,
    author = {{Johnson, J.}},
    title = {Stanford CS class CS231n: Convolutional Neural Networks for Visual Recognition -- Convolutional Neural Networks (CNNs / ConvNets)},
    year = {2017},
    publisher = {GitHub},
    howpublished = {\url{http://cs231n.github.io/convolutional-networks}}
}

@Manual{theano_mlp,
    title = {Deep learning 0.1 Documentation -- Multilayer Perceptron},
    author = {{Theano Development Team}},
    year = {2008},
    url = {http://www.deeplearning.net/tutorial/mlp.html}}
    
@Manual{theano_sgd,
    title = {Deep learning 0.1 Documentation -- Getting Started},
    author = {{Theano Development Team}},
    year = {2008},
    url = {http://www.deeplearning.net/tutorial/gettingstarted.html\#opt-sgd}}
    

@misc{Cybenko1989ann_aproximate,
    author = {{Cybenko, G. Math}},
    title = {Approximation by superpositions of a sigmoidal function},
    year = {1989},
    publisher = {Springer-Verlag},
    doi = {10.1007/BF02551274},
    howpublished = {\url{http://link.springer.com/article/10.1007\%2FBF02551274?LI=true}}
}

@incollection{Mason2000gbm,
    title = {Boosting Algorithms as Gradient Descent},
    author = {{Mason, L. and Baxter, J. and Bartlett, P. L. and Frean, M. R.}},
    booktitle = {Advances in Neural Information Processing Systems 12},
    editor = {S. A. Solla and T. K. Leen and K. M\"{u}ller},
    pages = {512--518},
    year = {2000},
    publisher = {MIT Press},
    url = {http://papers.nips.cc/paper/1766-boosting-algorithms-as-gradient-descent.pdf}}

@inproceedings{caffe,
    author = {{Jia, Y. et all}},
    title = {Caffe: Convolutional Architecture for Fast Feature Embedding},
    booktitle = {Proceedings of the 22Nd ACM International Conference on Multimedia},
    year = {2014},
    isbn = {978-1-4503-3063-3},
    location = {Orlando, Florida, USA},
    pages = {675--678},
    numpages = {4},
    url = {http://doi.acm.org/10.1145/2647868.2654889},
    doi = {10.1145/2647868.2654889},
    acmid = {2654889},
    publisher = {ACM},
    address = {New York, NY, USA}} 
    
@inproceedings{matlab,
    author = {{Beale, M. H. and Hagan, M. T. and Demuth, H. B.}},
    title = {Neural Network Toolbox User’s Guide},
    booktitle = {R2012a, The MathWorks, Inc., 3 Apple Hill Drive Natick, MA 01760-2098, www.mathworks.com},
    year = {2012},
    url ={http://citeseerx.ist.psu.edu/viewdoc/summary?doi=10.1.1.699.4831},
    pages = {1--410},
    doi = {10.1.1/699.4831}
}

@misc{Qian1999sgd,
    author = {{Qian N.}},
    title = {On the momentum term in gradient descent learning algorithms},
    month = {January},
    year = {1999},
    publisher = {Neural Networks : The Official Journal of the International Neural Network Society},
    pages = {145--151},
    doi = {10.1016/S0893-6080(98)00116-6},
    howpublished = {\url{http://doi.org/10.1016/S0893-6080(98)00116-6}}
}

@misc{Ahn2014conv,
    author = {{Ahn, S. H.}},
    title = {Convolution},
    year = {2014},
    howpublished = {\url{http://www.songho.ca/dsp/convolution/convolution.html#convolution_2d}}
}

@article {Lecun1989cnn,
    author = 	{{LeCun, Y. et all}},
    title = 	{Backpropagation Apllied to Handwritten Zip Code Recognition},
    journal =   {IEEE Communication},
    year    =   1989,
    month   =   {November},
    pages   =   {41-46},
    url=    {http://ieeexplore.ieee.org/document/6795724/}
}

@article{Lipton2015rnn,
  author    = {Lipton, Z. Ch. and Berkowitz, J. and Elkan, Ch.},
  title     = {A Critical Review of Recurrent Neural Networks for Sequence Learning},
  journal   = {CoRR},
  year      = {2015},
  url       = {http://arxiv.org/abs/1506.00019},
}

@article{Siegelmann1991turing,
    title = {Turing computability with neural nets},
    journal = {Applied Mathematics Letters},    
    volume = 4,
    number = 6,
    pages = {77--80},
    year = {1991},
    issn = {0893-9659},
    doi = {10.1016/0893-9659(91)90080-F},
    url = {http://www.sciencedirect.com/science/article/pii/089396599190080F},
    author = {{Siegelmann, H. T. and Sontag, E. D.}},
}

@inproceedings{Werbos1990bptt,
  author = {{Werbos, P.}},
  biburl = {https://www.bibsonomy.org/bibtex/2062450f0f2629f8746f7c0e54922b0cc/idsia},
  booktitle = {Proceedings of IEEE},
  pages = {1550--1560},
  priority = {2},
  title = {Backpropagation through time: what does it do and how to do it},
  volume = 78,
  year = 1990
}

@misc{lstm_images,
    author={{Olah Ch.}},
    title = {Understanding LSTM Networks},
    year = {2015},
    howpublished = {\url{http://colah.github.io/posts/2015-08-Understanding-LSTMs/}}
}


@inproceedings{Deng2011dt,
  author = {{Deng, H. and Runger, G. and Tuv, E.}},
  biburl = {https://www.bibsonomy.org/bibtex/2062450f0f2629f8746f7c0e54922b0cc/idsia},
  booktitle = {Artificial Neural Networks and Machine Learning – ICANN 2011},
  pages = {293--300},
  title = {Bias of Importance Measures for Multi-valued Attributes and Solutions},
  doi = {10.1007/978-3-642-21738-8_38},
  volume = 6792,
  year = 2011,
  url ={http://link.springer.com/chapter/10.1007/978-3-642-21738-8_38},
  publisher = {Springer}} 
}

@article{Quinlan1986dt,
 author = {{Quinlan, J. R.}},
 title = {Induction of Decision Trees},
 journal = {Mach. Learn.},
 volume = {1},
 number = {1},
 month = {March},
 year = {1986},
 issn = {0885-6125},
 pages = {81--106},
 numpages = {26},
 url = {http://dx.doi.org/10.1023/A:1022643204877},
 doi = {10.1023/A:1022643204877},
 publisher = {Kluwer Academic Publishers},
 address = {Hingham, MA, USA}
} 

@inproceedings{Dietterich2000ensamble,
 author = {{Dietterich, T. G.}},
 title = {Ensemble Methods in Machine Learning},
 booktitle = {Proceedings of the First International Workshop on Multiple Classifier Systems},
 series = {MCS '00},
 year = {2000},
 isbn = {3-540-67704-6},
 pages = {1--15},
 numpages = {15},
 url = {http://dl.acm.org/citation.cfm?id=648054.743935},
 acmid = {743935},
 publisher = {Springer-Verlag},
 address = {London, UK, UK},
}

@article{Breiman2001rf,
 author = {{Breiman, L.}},
 title = {Random Forests},
 journal = {Mach. Learn.},
 volume = {45},
 number = {1},
 month = {October},
 year = {2001},
 issn = {0885-6125},
 pages = {5--32},
 numpages = {28},
 url = {http://dx.doi.org/10.1023/A:1010933404324},
 doi = {10.1023/A:1010933404324},
 publisher = {Kluwer Academic Publishers},
 address = {Hingham, MA, USA}
} 

@article{Friedman2000gbm,
  author = {{Friedman, J. H.}},
  biburl = {https://www.bibsonomy.org/bibtex/237ca72b4c7f9383050b7c50da4356802/nosebrain},
  journal = {Annals of Statistics},
  pages = {1189--1232},
  title = {Greedy Function Approximation: A Gradient Boosting Machine},
  volume = 29,
  year = 2000
}

@book{Hastie2001statisticallearning,
  address = {New York, NY, USA},
  author = {{Hastie, T. and Tibshirani, R, and Friedman, J.}},
  biburl = {https://www.bibsonomy.org/bibtex/2f58afc5c9793fcc8ad8389824e57984c/sb3000},
  publisher = {Springer New York Inc.},
  series = {Springer Series in Statistics},
  title = {The Elements of Statistical Learning},
  year = 2001
}

@article{Bergstra2012rs,
 author = {{Bergstra, J. and Bengio, Y.}},
 title = {Random Search for Hyper-parameter Optimization},
 journal = {J. Mach. Learn. Res.},
 volume = {13},
 number = {1},
 month = {February},
 year = {2012},
 issn = {1532-4435},
 pages = {281--305},
 numpages = {25},
 url = {http://dl.acm.org/citation.cfm?id=2503308.2188395},
 publisher = {JMLR.org},
} 


@incollection{Snoek2012bopt,
    title = {Practical Bayesian Optimization of Machine Learning Algorithms},
    author = {{Snoek, J. and Larochelle, H. and Adams, R. P.}},
    booktitle = {Advances in Neural Information Processing Systems 25},
    pages = {2951--2959},
    year = {2012},
    publisher = {Curran Associates, Inc.},
    url = {http://papers.nips.cc/paper/4522-practical-bayesian-optimization-of-machine-learning-algorithms.pdf}
}


@book{Chapman2000crisp,
  author = {{Chapman P. et all}},
  biburl = {https://www.the-modeling-agency.com/crisp-dm.pdf},
  publisher = {SPSS Inc.},
  series = {CRISPMWP-1104},
  title = {CRISP-DM 1.0 -- Step-by-step data mining guide},
  month = {August},
  year = 2000}
}

@misc{Perone2016hypercolumns,
    author = {{Perone, Ch. S.}},
    title = {Convolutional hypercolumns in Python},
    month = {January},
    year = {2016},
    howpublished = {\url{http://blog.christianperone.com/2016/01/convolutional-hypercolumns-in-python}}
}


@misc{Saabas2014univariate,
    author = {{Saabas, A.}},
    title = {Selecting good features – Part I: univariate selection},
    month = {November},
    year = {2014},
    howpublished = {\url{http://blog.datadive.net/selecting-good-features-part-i-univariate-selection}}
}

@misc{Saabas2014regularization,
    author = {{Saabas, A.}},
    title = {Selecting good features – Part II: linear models and regularization},
    month = {November},
    year = {2014},
    howpublished = {\url{http://blog.datadive.net/selecting-good-features-part-ii-linear-models-and-regularization}}
}

@misc{Saabas2014rf,
    author = {{Saabas, A.}},
    title = {Selecting good features – Part III: random forests},
    month = {December},
    year = {2014},
    howpublished = {\url{http://blog.datadive.net/selecting-good-features-part-iii-random-forests}}
}

@misc{Saabas2014all,
    author = {{Saabas, A.}},
    title = {Selecting good features – Part IV: stability selection, RFE and everything side by side},
    month = {December},
    year = {2014},
    howpublished = {\url{http://blog.datadive.net/selecting-good-features-part-iv-stability-selection-rfe-and-everything-side-by-side}}
}

@article{Martinez2001pcalda,
    author={{Martinez, A. M. and Kak, A. C.}},
    journal={IEEE Transactions on Pattern Analysis and Machine Intelligence},
    title={PCA versus LDA},
    year={2001},
    volume={23},
    number={2},
    pages={228-233},
    ISSN={0162-8828},
    month={Feb}
}

@misc{Hruska2015maps,
    author = {{Hru{\v s}ka, L. et all}},
    title = {Maps of the future -- a modern crime-analysis- and crime-prediction-based tool to increase the effectiveness and quality of public administration performance in crime prevention},
    year = {2015},
    publisher = {ACCENDO -- Science and Research Centre},
    howpublished={\url{http://www.prevencekriminality.cz/evt_file.php?file=1298}}
}

@Book{Vokous2010pcr,
    author = {{Vokou{\v s}, J.}},
    title = {Policie {\v C}esk{\' e} republiky},
    publisher = {Policejn{\' i} prezidium {\v C}esk{\' e} republiky},
    year = {2010},
    address = {Strojnick{\' a} 27, 170 89 Praha 7},
    pages = {1--84},
}


@misc{futuremaps,
    author = {{Prevence kriminality v České republice}},
    title = {Mapy budoucnosti},
    month = {December},
    year = {2014},
    howpublished = {\url{http://www.prevencekriminality.cz/e_download.php?file=data/editor/161cs_1.pdf&original=Letak_informace_o_projektu.pdf}}
}

@misc{hds,
    author = {{Hitachi, Ltd.}},
    title = {Hitachi Data Systems Unveils New Advancements In Predictive Policing To Support Safer, Smarter Societies},
    month = {September},
    year = {2015},
    howpublished = {\url{https://www.hds.com/en-us/news-insights/press-releases/2015/gl150928.html}}
}

@book{Shaw1942juvenile,
  title={Juvenile Delinquency and Urban Areas: A Study of Rates of Delinquents in Relation to Differential Characteristics of Local Communities in American Cities},
  author={{Shaw, C.R. and McKay, H.D.}},
  lccn={42021850},
  series={Behavior research fund monographs},
  url={https://books.google.cz/books?id=GKRkMQEACAAJ},
  year={1942},
  publisher={University of Chicago Press}
}

@article{Hvistendahl2016crime,
 author = {{Hvistendahl, M.}},
 title = {Can 'predictive policing' prevent crime before it happens?},
 journal = {Science},
 month = {September},
 year = {2016},
 doi = {10.1126/science.aah7353},
 url = {http://www.sciencemag.org/news/2016/09/can-predictive-policing-prevent-crime-it-happens},
 publisher = {American Association for the Advancement of Science},
} 


@misc{Chainey2015maps,
    author = {{Chainey, S. P.}},
    title = {Predictive policing and the role of analysis: A framework for effective resource targeting},
    month = {June},
    year = {2015},
    howpublished = {\url{http://www.prevencekriminality.cz/evt_file.php?file=828}}
}

@article{Chainey2016repeat,
    author={{Chainey, S. P. and da Silva, B. F. A.}},
    title={Examining the extent of repeat and near repeat victimisation of domestic burglaries in Belo Horizonte, Brazil},
    journal={Crime Science},
    year={2016},
    volume=5,
    number=1,
    pages=1,
    issn="2193-7680",
    doi="10.1186/s40163-016-0049-6",
    url="http://dx.doi.org/10.1186/s40163-016-0049-6"
}

@article{Short2009repeat,
    author={{Short, M. B. and D'Orsogna, M. R. and Brantingham, P. J. and Tita, G. E.}},
    title={Measuring and Modeling Repeat and Near-Repeat Burglary Effects},
    journal={Journal of Quantitative Criminology},
    year={2009},
    volume=25,
    number=3,
    pages={325--339},
    issn={1573-7799},
    doi={10.1007/s10940-009-9068-8},
    url={http://dx.doi.org/10.1007/s10940-009-9068-8}
}

@book{Sutton1998reinforcement,
  address = {Cambridge, MA},
  author = {{Sutton, R. S. and Barto, A. G. }},
  url = {neuro.bstu.by/ai/RL-3.pdf},
  publisher = {MIT Press},
  title = {Reinforcement Learning: An Introduction},
  year = 1998
}

@misc{nearepeat_image,
    author = {{Schweer, T.}},
    title = {Die Methodik der Near Repeat Prediction},
    month = {June},
    year = {2016},
    howpublished = {\url{https://www.veko-online.de/archiv-hauptmenu/513-titel-die-methodik-der-near-repeat-prediction.html}}
}



@misc{predpol, 
    author = {PredPol},
    title = {About PredPol},
    year = {2015},
    howpublished = {\url{http://www.predpol.com/about}}
}

@misc{predpol_result, 
    author = {PredPol},
    title = {Proven Results},
    year = {2015},
    howpublished = {http://www.predpol.com/results}}
}

@misc{hunchlab, 
    author = {Azavea},
    title = {HunchLab: Under the Hood},
    year = {2015},
    howpublished = {http://cdn.azavea.com/pdfs/hunchlab/HunchLab-Under-the-Hood.pdf}}
}

@misc{precobs, 
    author = {{IfmPt Institut für musterbasierte Prognosetechnik Verwaltungs-GmbH}},
    title = {About us},
    year = {2012},
    howpublished = {\url{http://www.ifmpt.com/uber-unsl}}
}

@misc{precobs_percent, 
    author = {Ottau},
    title = {'Precobs' to teach thieves in the Rhineland in 2015 fearing},
    month = {December},
    year = {2014},
    howpublished = {\url{http://computerssoftwareprogram.blogspot.cz/2014/12/precobs-to-teach-thieves-in-rhineland.html}}
}

@misc{ibm, 
    author = {{IBM Corporation Software Group}},
    title = {IBM SPSS Crime Prediction Analytics Solution (CPAS) Service},
    month = {July},
    year = {2012},
    address = {Route 100, Somers, NY 10589, US},
    howpublished = {\url{https://www-01.ibm.com/common/ssi/cgi-bin/ssialias?htmlfid=YTD03224USEN&appname=skmwww}}
}

@misc{ibm_percent, 
    author = {{IBM Canada Ltd.}},
    title = {Crime prediction and prevention -- A safer public through advanced analytics},
    month = {June},
    year = {2010},
    address = {3755 Riverside Drive, Ottawa ON K1G 4K9, Canada},
    howpublished = {\url{https://www-01.ibm.com/common/ssi/cgi-bin/ssialias?htmlfid=YTD03224USEN&appname=skmwww}}
}

@misc{hds_info, 
    author = {{Hitachi Data Systems Corporation}},
    title = {Hitachi Visualization Predictive Crime Analytics},
    year = {2015},
    howpublished = {\url{https://www.mynewsdesk.com/material/document/49229/download?resource_type=resource_document}}
}

@misc{crimestat, 
    author = {Levine, N.}},
    title = {CrimeStat III: A Spatial Statistics Program for the Analysis of Crime Incident Locations},
    year = {2011},
    howpublished = {\url{http://www.nedlevine.com/nedlevine17.htm}}
}

@misc{rtmdx, 
    author = {{Rutgers, The State University of New Jersey, School of Criminal Justice}},
    title = {The Risk Terrain Modeling Diagnostics (RTMDx)},
    year = {2013},
    howpublished = {\url{http://www.rutgerscps.org/software.html}}
}

@misc{motorola, 
    author = {{Motorola Solutions}},
    title = {Are You Making The Right Data-Driven Decisions?},
    year = {2017},
    howpublished = {\url{http://www.motorolasolutions.com/en_us/products/smart-public-safety-solutions/intelligence-led-public-safety/commandcentral-predictive.html}}
}

@misc{nearrepeat, 
    author = {{Ratcliffe, J. H.}},
    title = {Near Repeat Calculator (version 1.3)},
    month = {August},
    year = {2009},
    address = {Temple University, Philadelphia, PA and the National Institute of Justice, Washington, DC.},
    howpublished = {\url{http://www.cla.temple.edu/cj/center-for-security-and-crime-science/projects/nearrepeatcalculator/}}
}

@inproceedings{Bernica2013prediction,
    author={Bernica, T. W. et all},
    booktitle={2013 IEEE Systems and Information Engineering Design Symposium},
    title={Analysis and prediction of insurgent influence for U.S. military strategy},
    year={2013},    
    pages={161-166},
    doi={10.1109/SIEDS.2013.6549512},
    month={April}
}

@inproceedings{Wang2012prediction,
    author={Wang, X. and Brown, D. E. and Gerber, M. S.},
    booktitle={2012 IEEE International Conference on Intelligence and Security Informatics},
    title={Spatio-temporal modeling of criminal incidents using geographic, demographic, and twitter-derived information},
    year={2012},
    pages={36--41},
    doi={10.1109/ISI.2012.6284088},
    month={June}
}

@article{Olligschlaeger1998prediction,
    author = {{Olligschlaeger, A. M.}},
    title = {Artificial neural networks and crime mapping},
    year = {1998},
    doi = {10.1.1.131.8483},
    publisher = {CiteSeerx},
    url = {http://citeseerx.ist.psu.edu/viewdoc/summary?doi=10.1.1.131.8483}
}

@article{Abouelnaga2016prediction,
  title={San Francisco Crime Classification},
  author={{Abouelnaga, Y.}},
  address={The American University in Cairo, New Cairo 11835, Egypt},
  journal   = {CoRR},
  volume    = {abs/1607.03626},
  year      = {2016},
  url       = {http://arxiv.org/abs/1607.03626},
}

@article{Almanie2015prediction,
  author    = {{Almanie, T. and Mirza, R. and Lor, E.}},
  title     = {Crime Prediction Based On Crime Types And Using Spatial And Temporal Criminal Hotspots},
  journal   = {CoRR},
  volume    = {abs/1508.02050},
  year      = {2015},
  url       = {http://arxiv.org/abs/1508.02050}
}

@misc{kaggle,
    author = {{Kaggle Inc.}},
    title = {San Francisco Crime Classification},
    year = {2016},
    howpublished = {\url{https://www.kaggle.com/c/sf-crime}}
}

@misc{lena,
    author = {{anuvrat.info}},
    title = {Template - anuvrat.info},
    year = {2016},
    howpublished = {\url{http://anuvrat.info/t/OBc8ReJE}}
}

@misc{convolution,
    author = {{Vedaldi, A. and Lenc, K. and Henriques J.}},
    title = {VGG CNN Practical: Image Regression},
    year = {2016},
    howpublished = {\url{https://www.robots.ox.ac.uk/~vgg/practicals/cnn-reg}}
}


